<record><leader>00000cas a22000007a 4500</leader><controlfield tag="001">11991573</controlfield><controlfield tag="008">850502d18uu1892iauwr ne      0    0eng d</controlfield><datafield ind1=" " ind2=" " tag="010"><subfield code="a">sn 85049587 </subfield></datafield><datafield ind1=" " ind2=" " tag="040"><subfield code="a">INP</subfield><subfield code="b">eng</subfield><subfield code="c">INP</subfield><subfield code="d">OCLCQ</subfield></datafield><datafield ind1=" " ind2=" " tag="042"><subfield code="a">msc</subfield></datafield><datafield ind1="0" ind2="4" tag="245"><subfield code="a">The Webster City graphic.</subfield></datafield><datafield ind1=" " ind2=" " tag="260"><subfield code="a">Webster City, Iowa :</subfield><subfield code="b">F.Q. Lee &amp; Son,</subfield><subfield code="c">-1892.</subfield></datafield><datafield ind1=" " ind2=" " tag="300"><subfield code="a">v. :</subfield><subfield code="b">ill. ;</subfield><subfield code="c">59 cm.</subfield></datafield><datafield ind1=" " ind2=" " tag="310"><subfield code="a">Weekly</subfield></datafield><datafield ind1="0" ind2=" " tag="362"><subfield code="a">-v. 9, no. 27 (Sept. 27, 1892).</subfield></datafield><datafield ind1=" " ind2=" " tag="588"><subfield code="a">Description based on: Vol. 8, no. 41 (Jan. 5, 1892).</subfield></datafield><datafield ind1=" " ind2=" " tag="752"><subfield code="a">United States</subfield><subfield code="b">Iowa</subfield><subfield code="c">Hamilton</subfield><subfield code="d">Webster City.</subfield></datafield><datafield ind1="0" ind2="0" tag="780"><subfield code="t">Graphic (Webster City, Iowa)</subfield><subfield code="w">(DLC)sn 85049586</subfield></datafield><datafield ind1="0" ind2="7" tag="785"><subfield code="t">Webster City herald (Webster City, Iowa : 1892 : Weekly)</subfield></datafield><datafield ind1="0" ind2="7" tag="785"><subfield code="t">Weekly graphic-Herald</subfield><subfield code="w">(DLC)sn 85049588</subfield></datafield></record>